@misc{https://doi.org/10.48550/arxiv.1905.01164,
  doi = {10.48550/ARXIV.1905.01164},
  
  url = {https://arxiv.org/abs/1905.01164},
  
  author = {Shaham, Tamar Rott and Dekel, Tali and Michaeli, Tomer},
  
  keywords = {Computer Vision and Pattern Recognition (cs.CV), FOS: Computer and information sciences, FOS: Computer and information sciences},
  
  title = {SinGAN: Learning a Generative Model from a Single Natural Image},
  
  publisher = {arXiv},
  
  year = {2019},
  
  copyright = {arXiv.org perpetual, non-exclusive license}
}
@misc{https://doi.org/10.48550/arxiv.1909.13151,
  doi = {10.48550/ARXIV.1909.13151},
  
  url = {https://arxiv.org/abs/1909.13151},
  
  author = {Shen, Jiajun and Chen, Peng-Jen and Le, Matt and He, Junxian and Gu, Jiatao and Ott, Myle and Auli, Michael and Ranzato, Marc'Aurelio},
  
  keywords = {Computation and Language (cs.CL), FOS: Computer and information sciences, FOS: Computer and information sciences},
  
  title = {The Source-Target Domain Mismatch Problem in Machine Translation},
  
  publisher = {arXiv},
  
  year = {2019},
  
  copyright = {arXiv.org perpetual, non-exclusive license}
}

@article{DBLP:journals/corr/ZhuPIE17,
  author    = {Jun{-}Yan Zhu and
               Taesung Park and
               Phillip Isola and
               Alexei A. Efros},
  title     = {Unpaired Image-to-Image Translation using Cycle-Consistent Adversarial
               Networks},
  journal   = {CoRR},
  volume    = {abs/1703.10593},
  year      = {2017},
  url       = {http://arxiv.org/abs/1703.10593},
  eprinttype = {arXiv},
  eprint    = {1703.10593},
  timestamp = {Mon, 13 Aug 2018 16:48:06 +0200},
  biburl    = {https://dblp.org/rec/journals/corr/ZhuPIE17.bib},
  bibsource = {dblp computer science bibliography, https://dblp.org}
}

@misc{https://doi.org/10.48550/arxiv.1411.1784,
  doi = {10.48550/ARXIV.1411.1784},
  
  url = {https://arxiv.org/abs/1411.1784},
  
  author = {Mirza, Mehdi and Osindero, Simon},
  
  keywords = {Machine Learning (cs.LG), Artificial Intelligence (cs.AI), Computer Vision and Pattern Recognition (cs.CV), Machine Learning (stat.ML), FOS: Computer and information sciences, FOS: Computer and information sciences},
  
  title = {Conditional Generative Adversarial Nets},
  
  publisher = {arXiv},
  
  year = {2014},
  
  copyright = {arXiv.org perpetual, non-exclusive license}
}


